%YAML 1.1
%TAG !u! tag:unity3d.com,2011:
--- !u!1 &2855044676578063639
GameObject:
  m_ObjectHideFlags: 0
  m_CorrespondingSourceObject: {fileID: 0}
  m_PrefabInstance: {fileID: 0}
  m_PrefabAsset: {fileID: 0}
  serializedVersion: 6
  m_Component:
  - component: {fileID: 2855044676578063636}
  - component: {fileID: 2855044676578063634}
  - component: {fileID: 2855044676578063637}
  m_Layer: 0
  m_Name: Point Light
  m_TagString: Untagged
  m_Icon: {fileID: 0}
  m_NavMeshLayer: 0
  m_StaticEditorFlags: 0
  m_IsActive: 1
--- !u!4 &2855044676578063636
Transform:
  m_ObjectHideFlags: 0
  m_CorrespondingSourceObject: {fileID: 0}
  m_PrefabInstance: {fileID: 0}
  m_PrefabAsset: {fileID: 0}
  m_GameObject: {fileID: 2855044676578063639}
  m_LocalRotation: {x: -0, y: -0, z: -0, w: 1}
  m_LocalPosition: {x: 0, y: 0.68, z: 0}
  m_LocalScale: {x: 1, y: 1, z: 1}
  m_Children: []
  m_Father: {fileID: 2855044677528518101}
  m_RootOrder: 0
  m_LocalEulerAnglesHint: {x: 0, y: 0, z: 0}
--- !u!108 &2855044676578063634
Light:
  m_ObjectHideFlags: 0
  m_CorrespondingSourceObject: {fileID: 0}
  m_PrefabInstance: {fileID: 0}
  m_PrefabAsset: {fileID: 0}
  m_GameObject: {fileID: 2855044676578063639}
  m_Enabled: 1
  serializedVersion: 10
  m_Type: 2
  m_Shape: 0
  m_Color: {r: 1, g: 0.95064425, b: 0.8160377, a: 1}
  m_Intensity: 10
  m_Range: 20
  m_SpotAngle: 30
  m_InnerSpotAngle: 21.80208
  m_CookieSize: 10
  m_Shadows:
    m_Type: 1
    m_Resolution: 128
    m_CustomResolution: -1
    m_Strength: 1
    m_Bias: 1
    m_NormalBias: 1
    m_NearPlane: 0.1
    m_CullingMatrixOverride:
      e00: 1
      e01: 0
      e02: 0
      e03: 0
      e10: 0
      e11: 1
      e12: 0
      e13: 0
      e20: 0
      e21: 0
      e22: 1
      e23: 0
      e30: 0
      e31: 0
      e32: 0
      e33: 1
    m_UseCullingMatrixOverride: 0
  m_Cookie: {fileID: 0}
  m_DrawHalo: 0
  m_Flare: {fileID: 0}
  m_RenderMode: 0
  m_CullingMask:
    serializedVersion: 2
    m_Bits: 2147483647
  m_RenderingLayerMask: 1
  m_Lightmapping: 4
  m_LightShadowCasterMode: 0
  m_AreaSize: {x: 1, y: 1}
  m_BounceIntensity: 1
  m_ColorTemperature: 6570
  m_UseColorTemperature: 0
  m_BoundingSphereOverride: {x: 0, y: 0, z: 0, w: 0}
  m_UseBoundingSphereOverride: 0
  m_UseViewFrustumForShadowCasterCull: 1
  m_ShadowRadius: 0
  m_ShadowAngle: 0
--- !u!114 &2855044676578063637
MonoBehaviour:
  m_ObjectHideFlags: 0
  m_CorrespondingSourceObject: {fileID: 0}
  m_PrefabInstance: {fileID: 0}
  m_PrefabAsset: {fileID: 0}
  m_GameObject: {fileID: 2855044676578063639}
  m_Enabled: 1
  m_EditorHideFlags: 0
  m_Script: {fileID: 11500000, guid: 474bcb49853aa07438625e644c072ee6, type: 3}
  m_Name: 
  m_EditorClassIdentifier: 
  m_UsePipelineSettings: 1
  m_AdditionalLightsShadowResolutionTier: 1
--- !u!1 &2855044676712390134
GameObject:
  m_ObjectHideFlags: 0
  m_CorrespondingSourceObject: {fileID: 0}
  m_PrefabInstance: {fileID: 0}
  m_PrefabAsset: {fileID: 0}
  serializedVersion: 6
  m_Component:
  - component: {fileID: 2855044676712390135}
  m_Layer: 0
  m_Name: Buttons
  m_TagString: Untagged
  m_Icon: {fileID: 0}
  m_NavMeshLayer: 0
  m_StaticEditorFlags: 0
  m_IsActive: 1
--- !u!4 &2855044676712390135
Transform:
  m_ObjectHideFlags: 0
  m_CorrespondingSourceObject: {fileID: 0}
  m_PrefabInstance: {fileID: 0}
  m_PrefabAsset: {fileID: 0}
  m_GameObject: {fileID: 2855044676712390134}
  m_LocalRotation: {x: 0.7071068, y: -0.000000021073417, z: -0.00000002107342, w: 0.7071067}
  m_LocalPosition: {x: -0.02667, y: -0.00894, z: 0.0695}
  m_LocalScale: {x: 0.00051343936, y: 0.0077015893, z: 0.0007701591}
  m_Children:
  - {fileID: 6666898805589653590}
  - {fileID: 1578134811729313504}
  - {fileID: 1578134810572813152}
  - {fileID: 1578134811624364576}
  m_Father: {fileID: 2248609756341612075}
  m_RootOrder: 1
  m_LocalEulerAnglesHint: {x: 0, y: 0, z: 0}
--- !u!1 &2855044677292231778
GameObject:
  m_ObjectHideFlags: 0
  m_CorrespondingSourceObject: {fileID: 0}
  m_PrefabInstance: {fileID: 0}
  m_PrefabAsset: {fileID: 0}
  serializedVersion: 6
  m_Component:
  - component: {fileID: 2855044677292231779}
  - component: {fileID: 2855044677292232094}
  - component: {fileID: 2855044677292231777}
  - component: {fileID: 2855044677292231776}
  m_Layer: 0
  m_Name: Chao
  m_TagString: Untagged
  m_Icon: {fileID: 0}
  m_NavMeshLayer: 0
  m_StaticEditorFlags: 0
  m_IsActive: 1
--- !u!4 &2855044677292231779
Transform:
  m_ObjectHideFlags: 0
  m_CorrespondingSourceObject: {fileID: 0}
  m_PrefabInstance: {fileID: 0}
  m_PrefabAsset: {fileID: 0}
  m_GameObject: {fileID: 2855044677292231778}
  m_LocalRotation: {x: -0, y: -0, z: -0, w: 1}
  m_LocalPosition: {x: 0, y: -2.356, z: 0}
  m_LocalScale: {x: 5, y: 0.01, z: 5}
  m_Children: []
  m_Father: {fileID: 2855044677528518101}
  m_RootOrder: 2
  m_LocalEulerAnglesHint: {x: 0, y: 0, z: 0}
--- !u!33 &2855044677292232094
MeshFilter:
  m_ObjectHideFlags: 0
  m_CorrespondingSourceObject: {fileID: 0}
  m_PrefabInstance: {fileID: 0}
  m_PrefabAsset: {fileID: 0}
  m_GameObject: {fileID: 2855044677292231778}
  m_Mesh: {fileID: 10202, guid: 0000000000000000e000000000000000, type: 0}
--- !u!23 &2855044677292231777
MeshRenderer:
  m_ObjectHideFlags: 0
  m_CorrespondingSourceObject: {fileID: 0}
  m_PrefabInstance: {fileID: 0}
  m_PrefabAsset: {fileID: 0}
  m_GameObject: {fileID: 2855044677292231778}
  m_Enabled: 1
  m_CastShadows: 1
  m_ReceiveShadows: 1
  m_DynamicOccludee: 1
  m_StaticShadowCaster: 0
  m_MotionVectors: 1
  m_LightProbeUsage: 1
  m_ReflectionProbeUsage: 1
  m_RayTracingMode: 2
  m_RayTraceProcedural: 0
  m_RenderingLayerMask: 1
  m_RendererPriority: 0
  m_Materials:
  - {fileID: 2100000, guid: 96e80260f8de747449a607fc836afbaf, type: 2}
  m_StaticBatchInfo:
    firstSubMesh: 0
    subMeshCount: 0
  m_StaticBatchRoot: {fileID: 0}
  m_ProbeAnchor: {fileID: 0}
  m_LightProbeVolumeOverride: {fileID: 0}
  m_ScaleInLightmap: 1
  m_ReceiveGI: 1
  m_PreserveUVs: 0
  m_IgnoreNormalsForChartDetection: 0
  m_ImportantGI: 0
  m_StitchLightmapSeams: 1
  m_SelectedEditorRenderState: 3
  m_MinimumChartSize: 4
  m_AutoUVMaxDistance: 0.5
  m_AutoUVMaxAngle: 89
  m_LightmapParameters: {fileID: 0}
  m_SortingLayerID: 0
  m_SortingLayer: 0
  m_SortingOrder: 0
  m_AdditionalVertexStreams: {fileID: 0}
--- !u!65 &2855044677292231776
BoxCollider:
  m_ObjectHideFlags: 0
  m_CorrespondingSourceObject: {fileID: 0}
  m_PrefabInstance: {fileID: 0}
  m_PrefabAsset: {fileID: 0}
  m_GameObject: {fileID: 2855044677292231778}
  m_Material: {fileID: 0}
  m_IsTrigger: 0
  m_Enabled: 1
  serializedVersion: 2
  m_Size: {x: 1, y: 1, z: 1}
  m_Center: {x: 0, y: 0, z: 0}
--- !u!1 &2855044677528518100
GameObject:
  m_ObjectHideFlags: 0
  m_CorrespondingSourceObject: {fileID: 0}
  m_PrefabInstance: {fileID: 0}
  m_PrefabAsset: {fileID: 0}
  serializedVersion: 6
  m_Component:
  - component: {fileID: 2855044677528518101}
  m_Layer: 0
  m_Name: Quarto
  m_TagString: Untagged
  m_Icon: {fileID: 0}
  m_NavMeshLayer: 0
  m_StaticEditorFlags: 0
  m_IsActive: 1
--- !u!4 &2855044677528518101
Transform:
  m_ObjectHideFlags: 0
  m_CorrespondingSourceObject: {fileID: 0}
  m_PrefabInstance: {fileID: 0}
  m_PrefabAsset: {fileID: 0}
  m_GameObject: {fileID: 2855044677528518100}
  m_LocalRotation: {x: 0, y: 0, z: 0, w: 1}
  m_LocalPosition: {x: 0, y: 0, z: 0}
  m_LocalScale: {x: 1, y: 1, z: 1}
  m_Children:
  - {fileID: 2855044676578063636}
  - {fileID: 2311913947790724348}
  - {fileID: 2855044677292231779}
  - {fileID: 2663270166954433957}
  - {fileID: 472869905050134233}
  - {fileID: 472869905247103973}
  - {fileID: 472869905397463752}
  m_Father: {fileID: 0}
  m_RootOrder: 0
  m_LocalEulerAnglesHint: {x: 0, y: 0, z: 0}
--- !u!1001 &424753122800630661
PrefabInstance:
  m_ObjectHideFlags: 0
  serializedVersion: 2
  m_Modification:
    m_TransformParent: {fileID: 2855044677528518101}
    m_Modifications:
    - target: {fileID: 2208932682551677504, guid: 3620e6a6b096e344195dd653fe24d0b2, type: 3}
      propertyPath: m_CastShadows
      value: 1
      objectReference: {fileID: 0}
    - target: {fileID: 2208932682551677504, guid: 3620e6a6b096e344195dd653fe24d0b2, type: 3}
      propertyPath: m_StaticShadowCaster
      value: 0
      objectReference: {fileID: 0}
    - target: {fileID: 2382633647748556320, guid: 3620e6a6b096e344195dd653fe24d0b2, type: 3}
      propertyPath: m_RootOrder
      value: 3
      objectReference: {fileID: 0}
    - target: {fileID: 2382633647748556320, guid: 3620e6a6b096e344195dd653fe24d0b2, type: 3}
      propertyPath: m_LocalScale.y
      value: 3.594
      objectReference: {fileID: 0}
    - target: {fileID: 2382633647748556320, guid: 3620e6a6b096e344195dd653fe24d0b2, type: 3}
      propertyPath: m_LocalPosition.x
      value: 2.5
      objectReference: {fileID: 0}
    - target: {fileID: 2382633647748556320, guid: 3620e6a6b096e344195dd653fe24d0b2, type: 3}
      propertyPath: m_LocalPosition.y
      value: -0.65
      objectReference: {fileID: 0}
    - target: {fileID: 2382633647748556320, guid: 3620e6a6b096e344195dd653fe24d0b2, type: 3}
      propertyPath: m_LocalPosition.z
      value: 0
      objectReference: {fileID: 0}
    - target: {fileID: 2382633647748556320, guid: 3620e6a6b096e344195dd653fe24d0b2, type: 3}
      propertyPath: m_LocalRotation.w
      value: 0
      objectReference: {fileID: 0}
    - target: {fileID: 2382633647748556320, guid: 3620e6a6b096e344195dd653fe24d0b2, type: 3}
      propertyPath: m_LocalRotation.x
      value: 0
      objectReference: {fileID: 0}
    - target: {fileID: 2382633647748556320, guid: 3620e6a6b096e344195dd653fe24d0b2, type: 3}
      propertyPath: m_LocalRotation.y
      value: 1
      objectReference: {fileID: 0}
    - target: {fileID: 2382633647748556320, guid: 3620e6a6b096e344195dd653fe24d0b2, type: 3}
      propertyPath: m_LocalRotation.z
      value: 0
      objectReference: {fileID: 0}
    - target: {fileID: 2382633647748556320, guid: 3620e6a6b096e344195dd653fe24d0b2, type: 3}
      propertyPath: m_LocalEulerAnglesHint.x
      value: 0
      objectReference: {fileID: 0}
    - target: {fileID: 2382633647748556320, guid: 3620e6a6b096e344195dd653fe24d0b2, type: 3}
      propertyPath: m_LocalEulerAnglesHint.y
      value: 180
      objectReference: {fileID: 0}
    - target: {fileID: 2382633647748556320, guid: 3620e6a6b096e344195dd653fe24d0b2, type: 3}
      propertyPath: m_LocalEulerAnglesHint.z
      value: 0
      objectReference: {fileID: 0}
    - target: {fileID: 2975555089189877980, guid: 3620e6a6b096e344195dd653fe24d0b2, type: 3}
      propertyPath: m_Name
      value: Parede
      objectReference: {fileID: 0}
    - target: {fileID: 2975555089189877980, guid: 3620e6a6b096e344195dd653fe24d0b2, type: 3}
      propertyPath: m_StaticEditorFlags
      value: 0
      objectReference: {fileID: 0}
    m_RemovedComponents: []
  m_SourcePrefab: {fileID: 100100000, guid: 3620e6a6b096e344195dd653fe24d0b2, type: 3}
--- !u!4 &2663270166954433957 stripped
Transform:
  m_CorrespondingSourceObject: {fileID: 2382633647748556320, guid: 3620e6a6b096e344195dd653fe24d0b2, type: 3}
  m_PrefabInstance: {fileID: 424753122800630661}
  m_PrefabAsset: {fileID: 0}
--- !u!1001 &2855044675961503993
PrefabInstance:
  m_ObjectHideFlags: 0
  serializedVersion: 2
  m_Modification:
    m_TransformParent: {fileID: 2855044677528518101}
    m_Modifications:
    - target: {fileID: 2208932682551677504, guid: 3620e6a6b096e344195dd653fe24d0b2, type: 3}
      propertyPath: m_Materials.Array.data[0]
      value: 
      objectReference: {fileID: 2100000, guid: 735522f8216a1b14aaee5117f82aac15, type: 2}
    - target: {fileID: 2382633647748556320, guid: 3620e6a6b096e344195dd653fe24d0b2, type: 3}
      propertyPath: m_RootOrder
      value: 4
      objectReference: {fileID: 0}
    - target: {fileID: 2382633647748556320, guid: 3620e6a6b096e344195dd653fe24d0b2, type: 3}
      propertyPath: m_LocalScale.y
      value: 3.594
      objectReference: {fileID: 0}
    - target: {fileID: 2382633647748556320, guid: 3620e6a6b096e344195dd653fe24d0b2, type: 3}
      propertyPath: m_LocalPosition.x
      value: 0.06
      objectReference: {fileID: 0}
    - target: {fileID: 2382633647748556320, guid: 3620e6a6b096e344195dd653fe24d0b2, type: 3}
      propertyPath: m_LocalPosition.y
      value: -0.76
      objectReference: {fileID: 0}
    - target: {fileID: 2382633647748556320, guid: 3620e6a6b096e344195dd653fe24d0b2, type: 3}
      propertyPath: m_LocalPosition.z
      value: 2.5
      objectReference: {fileID: 0}
    - target: {fileID: 2382633647748556320, guid: 3620e6a6b096e344195dd653fe24d0b2, type: 3}
      propertyPath: m_LocalRotation.w
      value: 0.7071068
      objectReference: {fileID: 0}
    - target: {fileID: 2382633647748556320, guid: 3620e6a6b096e344195dd653fe24d0b2, type: 3}
      propertyPath: m_LocalRotation.x
      value: 0
      objectReference: {fileID: 0}
    - target: {fileID: 2382633647748556320, guid: 3620e6a6b096e344195dd653fe24d0b2, type: 3}
      propertyPath: m_LocalRotation.y
      value: 0.7071068
      objectReference: {fileID: 0}
    - target: {fileID: 2382633647748556320, guid: 3620e6a6b096e344195dd653fe24d0b2, type: 3}
      propertyPath: m_LocalRotation.z
      value: 0
      objectReference: {fileID: 0}
    - target: {fileID: 2382633647748556320, guid: 3620e6a6b096e344195dd653fe24d0b2, type: 3}
      propertyPath: m_LocalEulerAnglesHint.x
      value: 0
      objectReference: {fileID: 0}
    - target: {fileID: 2382633647748556320, guid: 3620e6a6b096e344195dd653fe24d0b2, type: 3}
      propertyPath: m_LocalEulerAnglesHint.y
      value: 90
      objectReference: {fileID: 0}
    - target: {fileID: 2382633647748556320, guid: 3620e6a6b096e344195dd653fe24d0b2, type: 3}
      propertyPath: m_LocalEulerAnglesHint.z
      value: 0
      objectReference: {fileID: 0}
    - target: {fileID: 2975555089189877980, guid: 3620e6a6b096e344195dd653fe24d0b2, type: 3}
      propertyPath: m_Name
      value: Parede (2)
      objectReference: {fileID: 0}
    - target: {fileID: 2975555089189877980, guid: 3620e6a6b096e344195dd653fe24d0b2, type: 3}
      propertyPath: m_IsActive
      value: 0
      objectReference: {fileID: 0}
    m_RemovedComponents: []
  m_SourcePrefab: {fileID: 100100000, guid: 3620e6a6b096e344195dd653fe24d0b2, type: 3}
--- !u!4 &472869905050134233 stripped
Transform:
  m_CorrespondingSourceObject: {fileID: 2382633647748556320, guid: 3620e6a6b096e344195dd653fe24d0b2, type: 3}
  m_PrefabInstance: {fileID: 2855044675961503993}
  m_PrefabAsset: {fileID: 0}
--- !u!1001 &2855044676080138118
PrefabInstance:
  m_ObjectHideFlags: 0
  serializedVersion: 2
  m_Modification:
    m_TransformParent: {fileID: 2311913947790724348}
    m_Modifications:
    - target: {fileID: -8700617353114198275, guid: 25c93a631489da64ca215d6c8b12d431, type: 3}
      propertyPath: m_IsActive
      value: 0
      objectReference: {fileID: 0}
    - target: {fileID: -8679921383154817045, guid: 25c93a631489da64ca215d6c8b12d431, type: 3}
      propertyPath: m_RootOrder
      value: 5
      objectReference: {fileID: 0}
    - target: {fileID: -8679921383154817045, guid: 25c93a631489da64ca215d6c8b12d431, type: 3}
      propertyPath: m_LocalScale.x
      value: 0.055717647
      objectReference: {fileID: 0}
    - target: {fileID: -8679921383154817045, guid: 25c93a631489da64ca215d6c8b12d431, type: 3}
      propertyPath: m_LocalScale.y
      value: 0.05571765
      objectReference: {fileID: 0}
    - target: {fileID: -8679921383154817045, guid: 25c93a631489da64ca215d6c8b12d431, type: 3}
      propertyPath: m_LocalScale.z
      value: 0.055717647
      objectReference: {fileID: 0}
    - target: {fileID: -8679921383154817045, guid: 25c93a631489da64ca215d6c8b12d431, type: 3}
      propertyPath: m_LocalPosition.x
      value: 0.028967284
      objectReference: {fileID: 0}
    - target: {fileID: -8679921383154817045, guid: 25c93a631489da64ca215d6c8b12d431, type: 3}
      propertyPath: m_LocalPosition.y
      value: -1.725
      objectReference: {fileID: 0}
    - target: {fileID: -8679921383154817045, guid: 25c93a631489da64ca215d6c8b12d431, type: 3}
      propertyPath: m_LocalPosition.z
      value: 0
      objectReference: {fileID: 0}
    - target: {fileID: -8679921383154817045, guid: 25c93a631489da64ca215d6c8b12d431, type: 3}
      propertyPath: m_LocalRotation.w
      value: -0.7126418
      objectReference: {fileID: 0}
    - target: {fileID: -8679921383154817045, guid: 25c93a631489da64ca215d6c8b12d431, type: 3}
      propertyPath: m_LocalRotation.x
      value: -0
      objectReference: {fileID: 0}
    - target: {fileID: -8679921383154817045, guid: 25c93a631489da64ca215d6c8b12d431, type: 3}
      propertyPath: m_LocalRotation.y
      value: 0.7015282
      objectReference: {fileID: 0}
    - target: {fileID: -8679921383154817045, guid: 25c93a631489da64ca215d6c8b12d431, type: 3}
      propertyPath: m_LocalRotation.z
      value: -0
      objectReference: {fileID: 0}
    - target: {fileID: -8679921383154817045, guid: 25c93a631489da64ca215d6c8b12d431, type: 3}
      propertyPath: m_LocalEulerAnglesHint.x
      value: 0
      objectReference: {fileID: 0}
    - target: {fileID: -8679921383154817045, guid: 25c93a631489da64ca215d6c8b12d431, type: 3}
      propertyPath: m_LocalEulerAnglesHint.y
      value: -88.052
      objectReference: {fileID: 0}
    - target: {fileID: -8679921383154817045, guid: 25c93a631489da64ca215d6c8b12d431, type: 3}
      propertyPath: m_LocalEulerAnglesHint.z
      value: 0
      objectReference: {fileID: 0}
    - target: {fileID: -8391222552659086748, guid: 25c93a631489da64ca215d6c8b12d431, type: 3}
      propertyPath: m_Name
      value: Corpo
      objectReference: {fileID: 0}
    - target: {fileID: -6722085885383957590, guid: 25c93a631489da64ca215d6c8b12d431, type: 3}
      propertyPath: m_Type
      value: 1
      objectReference: {fileID: 0}
    - target: {fileID: -6722085885383957590, guid: 25c93a631489da64ca215d6c8b12d431, type: 3}
      propertyPath: m_Color.b
      value: 0.8392157
      objectReference: {fileID: 0}
    - target: {fileID: -6722085885383957590, guid: 25c93a631489da64ca215d6c8b12d431, type: 3}
      propertyPath: m_Color.g
      value: 0.95686275
      objectReference: {fileID: 0}
    - target: {fileID: -6722085885383957590, guid: 25c93a631489da64ca215d6c8b12d431, type: 3}
      propertyPath: m_Enabled
      value: 0
      objectReference: {fileID: 0}
    - target: {fileID: -6722085885383957590, guid: 25c93a631489da64ca215d6c8b12d431, type: 3}
      propertyPath: m_Intensity
      value: 0
      objectReference: {fileID: 0}
    - target: {fileID: -6722085885383957590, guid: 25c93a631489da64ca215d6c8b12d431, type: 3}
      propertyPath: m_Shadows.m_Bias
      value: 0.02
      objectReference: {fileID: 0}
    - target: {fileID: -6722085885383957590, guid: 25c93a631489da64ca215d6c8b12d431, type: 3}
      propertyPath: m_Shadows.m_NearPlane
      value: 0.1
      objectReference: {fileID: 0}
    - target: {fileID: -6722085885383957590, guid: 25c93a631489da64ca215d6c8b12d431, type: 3}
      propertyPath: m_Shadows.m_NormalBias
      value: 0.1
      objectReference: {fileID: 0}
    - target: {fileID: -5477749408508380018, guid: 25c93a631489da64ca215d6c8b12d431, type: 3}
      propertyPath: m_LocalScale.x
      value: 444
      objectReference: {fileID: 0}
    - target: {fileID: -5477749408508380018, guid: 25c93a631489da64ca215d6c8b12d431, type: 3}
      propertyPath: m_LocalPosition.x
      value: -0.000008123508
      objectReference: {fileID: 0}
    - target: {fileID: -5477749408508380018, guid: 25c93a631489da64ca215d6c8b12d431, type: 3}
      propertyPath: m_LocalPosition.y
      value: 0.97850746
      objectReference: {fileID: 0}
    - target: {fileID: -5477749408508380018, guid: 25c93a631489da64ca215d6c8b12d431, type: 3}
      propertyPath: m_LocalPosition.z
      value: -0.5163792
      objectReference: {fileID: 0}
    - target: {fileID: -5477749408508380018, guid: 25c93a631489da64ca215d6c8b12d431, type: 3}
      propertyPath: m_LocalRotation.w
      value: 0.66289186
      objectReference: {fileID: 0}
    - target: {fileID: -5477749408508380018, guid: 25c93a631489da64ca215d6c8b12d431, type: 3}
      propertyPath: m_LocalRotation.x
      value: -0.7487152
      objectReference: {fileID: 0}
    - target: {fileID: -5477749408508380018, guid: 25c93a631489da64ca215d6c8b12d431, type: 3}
      propertyPath: m_LocalRotation.y
      value: 0.00000041723243
      objectReference: {fileID: 0}
    - target: {fileID: -5477749408508380018, guid: 25c93a631489da64ca215d6c8b12d431, type: 3}
      propertyPath: m_LocalRotation.z
      value: 0.00000092387177
      objectReference: {fileID: 0}
    - target: {fileID: -5477749408508380018, guid: 25c93a631489da64ca215d6c8b12d431, type: 3}
      propertyPath: m_LocalEulerAnglesHint.x
      value: -96.958
      objectReference: {fileID: 0}
    - target: {fileID: -5477749408508380018, guid: 25c93a631489da64ca215d6c8b12d431, type: 3}
      propertyPath: m_LocalEulerAnglesHint.y
      value: 0
      objectReference: {fileID: 0}
    - target: {fileID: -5477749408508380018, guid: 25c93a631489da64ca215d6c8b12d431, type: 3}
      propertyPath: m_LocalEulerAnglesHint.z
      value: 0
      objectReference: {fileID: 0}
    - target: {fileID: -4292154010595695564, guid: 25c93a631489da64ca215d6c8b12d431, type: 3}
      propertyPath: m_LocalScale.x
      value: -434.3
      objectReference: {fileID: 0}
    - target: {fileID: -4292154010595695564, guid: 25c93a631489da64ca215d6c8b12d431, type: 3}
      propertyPath: m_LocalPosition.x
      value: 0.0000029589535
      objectReference: {fileID: 0}
    - target: {fileID: -4292154010595695564, guid: 25c93a631489da64ca215d6c8b12d431, type: 3}
      propertyPath: m_LocalPosition.y
      value: 4.166209
      objectReference: {fileID: 0}
    - target: {fileID: -4292154010595695564, guid: 25c93a631489da64ca215d6c8b12d431, type: 3}
      propertyPath: m_LocalPosition.z
      value: 0.11536014
      objectReference: {fileID: 0}
    - target: {fileID: -4292154010595695564, guid: 25c93a631489da64ca215d6c8b12d431, type: 3}
      propertyPath: m_LocalRotation.w
      value: 0.060686804
      objectReference: {fileID: 0}
    - target: {fileID: -4292154010595695564, guid: 25c93a631489da64ca215d6c8b12d431, type: 3}
      propertyPath: m_LocalRotation.x
      value: 0.9981569
      objectReference: {fileID: 0}
    - target: {fileID: -4292154010595695564, guid: 25c93a631489da64ca215d6c8b12d431, type: 3}
      propertyPath: m_LocalRotation.y
      value: -0.0000003501772
      objectReference: {fileID: 0}
    - target: {fileID: -4292154010595695564, guid: 25c93a631489da64ca215d6c8b12d431, type: 3}
      propertyPath: m_LocalRotation.z
      value: 0.00000032782546
      objectReference: {fileID: 0}
    - target: {fileID: -4292154010595695564, guid: 25c93a631489da64ca215d6c8b12d431, type: 3}
      propertyPath: m_LocalEulerAnglesHint.x
      value: 173.04199
      objectReference: {fileID: 0}
    - target: {fileID: -1853094968961178454, guid: 25c93a631489da64ca215d6c8b12d431, type: 3}
      propertyPath: m_Enabled
      value: 0
      objectReference: {fileID: 0}
    - target: {fileID: -516098083770646512, guid: 25c93a631489da64ca215d6c8b12d431, type: 3}
      propertyPath: m_Name
      value: Base
      objectReference: {fileID: 0}
    - target: {fileID: 65702495048144492, guid: 25c93a631489da64ca215d6c8b12d431, type: 3}
      propertyPath: m_IsActive
      value: 0
      objectReference: {fileID: 0}
    - target: {fileID: 919132149155446097, guid: 25c93a631489da64ca215d6c8b12d431, type: 3}
      propertyPath: m_Name
      value: Monitor(textured)
      objectReference: {fileID: 0}
    m_RemovedComponents:
    - {fileID: -415136158766342463, guid: 25c93a631489da64ca215d6c8b12d431, type: 3}
    - {fileID: -1853094968961178454, guid: 25c93a631489da64ca215d6c8b12d431, type: 3}
  m_SourcePrefab: {fileID: 100100000, guid: 25c93a631489da64ca215d6c8b12d431, type: 3}
--- !u!4 &2248609756341612075 stripped
Transform:
  m_CorrespondingSourceObject: {fileID: 4083501151425157549, guid: 25c93a631489da64ca215d6c8b12d431, type: 3}
  m_PrefabInstance: {fileID: 2855044676080138118}
  m_PrefabAsset: {fileID: 0}
--- !u!1001 &2855044676398166200
PrefabInstance:
  m_ObjectHideFlags: 0
  serializedVersion: 2
  m_Modification:
    m_TransformParent: {fileID: 2311913947790724348}
    m_Modifications:
    - target: {fileID: -8679921383154817045, guid: bcc689ff1d1f97443bf0b2475ea23334, type: 3}
      propertyPath: m_RootOrder
      value: 6
      objectReference: {fileID: 0}
    - target: {fileID: -8679921383154817045, guid: bcc689ff1d1f97443bf0b2475ea23334, type: 3}
      propertyPath: m_LocalScale.x
      value: 0.068620004
      objectReference: {fileID: 0}
    - target: {fileID: -8679921383154817045, guid: bcc689ff1d1f97443bf0b2475ea23334, type: 3}
      propertyPath: m_LocalScale.y
      value: 0.054896
      objectReference: {fileID: 0}
    - target: {fileID: -8679921383154817045, guid: bcc689ff1d1f97443bf0b2475ea23334, type: 3}
      propertyPath: m_LocalScale.z
      value: 0.054896
      objectReference: {fileID: 0}
    - target: {fileID: -8679921383154817045, guid: bcc689ff1d1f97443bf0b2475ea23334, type: 3}
      propertyPath: m_LocalPosition.x
      value: -0.2681
      objectReference: {fileID: 0}
    - target: {fileID: -8679921383154817045, guid: bcc689ff1d1f97443bf0b2475ea23334, type: 3}
      propertyPath: m_LocalPosition.y
      value: -1.7622
      objectReference: {fileID: 0}
    - target: {fileID: -8679921383154817045, guid: bcc689ff1d1f97443bf0b2475ea23334, type: 3}
      propertyPath: m_LocalPosition.z
      value: 0
      objectReference: {fileID: 0}
    - target: {fileID: -8679921383154817045, guid: bcc689ff1d1f97443bf0b2475ea23334, type: 3}
      propertyPath: m_LocalRotation.w
      value: -0.7006151
      objectReference: {fileID: 0}
    - target: {fileID: -8679921383154817045, guid: bcc689ff1d1f97443bf0b2475ea23334, type: 3}
      propertyPath: m_LocalRotation.x
      value: -0
      objectReference: {fileID: 0}
    - target: {fileID: -8679921383154817045, guid: bcc689ff1d1f97443bf0b2475ea23334, type: 3}
      propertyPath: m_LocalRotation.y
      value: 0.7135394
      objectReference: {fileID: 0}
    - target: {fileID: -8679921383154817045, guid: bcc689ff1d1f97443bf0b2475ea23334, type: 3}
      propertyPath: m_LocalRotation.z
      value: -0
      objectReference: {fileID: 0}
    - target: {fileID: -8679921383154817045, guid: bcc689ff1d1f97443bf0b2475ea23334, type: 3}
      propertyPath: m_LocalEulerAnglesHint.x
      value: 0
      objectReference: {fileID: 0}
    - target: {fileID: -8679921383154817045, guid: bcc689ff1d1f97443bf0b2475ea23334, type: 3}
      propertyPath: m_LocalEulerAnglesHint.y
      value: -90
      objectReference: {fileID: 0}
    - target: {fileID: -8679921383154817045, guid: bcc689ff1d1f97443bf0b2475ea23334, type: 3}
      propertyPath: m_LocalEulerAnglesHint.z
      value: 0
      objectReference: {fileID: 0}
    - target: {fileID: -3807713807948099909, guid: bcc689ff1d1f97443bf0b2475ea23334, type: 3}
      propertyPath: m_Enabled
      value: 1
      objectReference: {fileID: 0}
    - target: {fileID: -3807713807948099909, guid: bcc689ff1d1f97443bf0b2475ea23334, type: 3}
      propertyPath: m_StaticShadowCaster
      value: 0
      objectReference: {fileID: 0}
    - target: {fileID: -2005759406768236227, guid: bcc689ff1d1f97443bf0b2475ea23334, type: 3}
      propertyPath: m_Enabled
      value: 1
      objectReference: {fileID: 0}
    - target: {fileID: 919132149155446097, guid: bcc689ff1d1f97443bf0b2475ea23334, type: 3}
      propertyPath: m_Name
      value: Pc
      objectReference: {fileID: 0}
    m_RemovedComponents: []
  m_SourcePrefab: {fileID: 100100000, guid: bcc689ff1d1f97443bf0b2475ea23334, type: 3}
--- !u!1001 &2855044676435299781
PrefabInstance:
  m_ObjectHideFlags: 0
  serializedVersion: 2
  m_Modification:
    m_TransformParent: {fileID: 2855044677528518101}
    m_Modifications:
    - target: {fileID: 2208932682551677504, guid: 3620e6a6b096e344195dd653fe24d0b2, type: 3}
      propertyPath: m_Materials.Array.data[0]
      value: 
      objectReference: {fileID: 2100000, guid: 735522f8216a1b14aaee5117f82aac15, type: 2}
    - target: {fileID: 2382633647748556320, guid: 3620e6a6b096e344195dd653fe24d0b2, type: 3}
      propertyPath: m_RootOrder
      value: 5
      objectReference: {fileID: 0}
    - target: {fileID: 2382633647748556320, guid: 3620e6a6b096e344195dd653fe24d0b2, type: 3}
      propertyPath: m_LocalScale.y
      value: 5.0786
      objectReference: {fileID: 0}
    - target: {fileID: 2382633647748556320, guid: 3620e6a6b096e344195dd653fe24d0b2, type: 3}
      propertyPath: m_LocalPosition.x
      value: 0.05
      objectReference: {fileID: 0}
    - target: {fileID: 2382633647748556320, guid: 3620e6a6b096e344195dd653fe24d0b2, type: 3}
      propertyPath: m_LocalPosition.y
      value: 1.002
      objectReference: {fileID: 0}
    - target: {fileID: 2382633647748556320, guid: 3620e6a6b096e344195dd653fe24d0b2, type: 3}
      propertyPath: m_LocalPosition.z
      value: -0.06
      objectReference: {fileID: 0}
    - target: {fileID: 2382633647748556320, guid: 3620e6a6b096e344195dd653fe24d0b2, type: 3}
      propertyPath: m_LocalRotation.w
      value: -0.5
      objectReference: {fileID: 0}
    - target: {fileID: 2382633647748556320, guid: 3620e6a6b096e344195dd653fe24d0b2, type: 3}
      propertyPath: m_LocalRotation.x
      value: 0.5
      objectReference: {fileID: 0}
    - target: {fileID: 2382633647748556320, guid: 3620e6a6b096e344195dd653fe24d0b2, type: 3}
      propertyPath: m_LocalRotation.y
      value: 0.5
      objectReference: {fileID: 0}
    - target: {fileID: 2382633647748556320, guid: 3620e6a6b096e344195dd653fe24d0b2, type: 3}
      propertyPath: m_LocalRotation.z
      value: -0.5
      objectReference: {fileID: 0}
    - target: {fileID: 2382633647748556320, guid: 3620e6a6b096e344195dd653fe24d0b2, type: 3}
      propertyPath: m_LocalEulerAnglesHint.x
      value: 0
      objectReference: {fileID: 0}
    - target: {fileID: 2382633647748556320, guid: 3620e6a6b096e344195dd653fe24d0b2, type: 3}
      propertyPath: m_LocalEulerAnglesHint.y
      value: 270
      objectReference: {fileID: 0}
    - target: {fileID: 2382633647748556320, guid: 3620e6a6b096e344195dd653fe24d0b2, type: 3}
      propertyPath: m_LocalEulerAnglesHint.z
      value: 90
      objectReference: {fileID: 0}
    - target: {fileID: 2975555089189877980, guid: 3620e6a6b096e344195dd653fe24d0b2, type: 3}
      propertyPath: m_Name
      value: Parede (3)
      objectReference: {fileID: 0}
    - target: {fileID: 2975555089189877980, guid: 3620e6a6b096e344195dd653fe24d0b2, type: 3}
      propertyPath: m_IsActive
      value: 0
      objectReference: {fileID: 0}
    m_RemovedComponents: []
  m_SourcePrefab: {fileID: 100100000, guid: 3620e6a6b096e344195dd653fe24d0b2, type: 3}
--- !u!4 &472869905247103973 stripped
Transform:
  m_CorrespondingSourceObject: {fileID: 2382633647748556320, guid: 3620e6a6b096e344195dd653fe24d0b2, type: 3}
  m_PrefabInstance: {fileID: 2855044676435299781}
  m_PrefabAsset: {fileID: 0}
--- !u!1001 &2855044676609819579
PrefabInstance:
  m_ObjectHideFlags: 0
  serializedVersion: 2
  m_Modification:
    m_TransformParent: {fileID: 2855044676712390135}
    m_Modifications:
    - target: {fileID: 1375217932723818641, guid: 622109c0052c7c049a3d1a58318e7aeb, type: 3}
      propertyPath: m_Name
      value: Sphere (3)
      objectReference: {fileID: 0}
    - target: {fileID: 3637080278469351835, guid: 622109c0052c7c049a3d1a58318e7aeb, type: 3}
      propertyPath: m_RootOrder
      value: 3
      objectReference: {fileID: 0}
    - target: {fileID: 3637080278469351835, guid: 622109c0052c7c049a3d1a58318e7aeb, type: 3}
      propertyPath: m_LocalScale.x
      value: 1
      objectReference: {fileID: 0}
    - target: {fileID: 3637080278469351835, guid: 622109c0052c7c049a3d1a58318e7aeb, type: 3}
      propertyPath: m_LocalScale.y
      value: 1
      objectReference: {fileID: 0}
    - target: {fileID: 3637080278469351835, guid: 622109c0052c7c049a3d1a58318e7aeb, type: 3}
      propertyPath: m_LocalScale.z
      value: 1
      objectReference: {fileID: 0}
    - target: {fileID: 3637080278469351835, guid: 622109c0052c7c049a3d1a58318e7aeb, type: 3}
      propertyPath: m_LocalPosition.x
      value: 0
      objectReference: {fileID: 0}
    - target: {fileID: 3637080278469351835, guid: 622109c0052c7c049a3d1a58318e7aeb, type: 3}
      propertyPath: m_LocalPosition.y
      value: 0
      objectReference: {fileID: 0}
    - target: {fileID: 3637080278469351835, guid: 622109c0052c7c049a3d1a58318e7aeb, type: 3}
      propertyPath: m_LocalPosition.z
      value: 0
      objectReference: {fileID: 0}
    - target: {fileID: 3637080278469351835, guid: 622109c0052c7c049a3d1a58318e7aeb, type: 3}
      propertyPath: m_LocalRotation.w
      value: 1
      objectReference: {fileID: 0}
    - target: {fileID: 3637080278469351835, guid: 622109c0052c7c049a3d1a58318e7aeb, type: 3}
      propertyPath: m_LocalRotation.x
      value: -0
      objectReference: {fileID: 0}
    - target: {fileID: 3637080278469351835, guid: 622109c0052c7c049a3d1a58318e7aeb, type: 3}
      propertyPath: m_LocalRotation.y
      value: -0.000000029802315
      objectReference: {fileID: 0}
    - target: {fileID: 3637080278469351835, guid: 622109c0052c7c049a3d1a58318e7aeb, type: 3}
      propertyPath: m_LocalRotation.z
      value: -0
      objectReference: {fileID: 0}
    - target: {fileID: 3637080278469351835, guid: 622109c0052c7c049a3d1a58318e7aeb, type: 3}
      propertyPath: m_LocalEulerAnglesHint.x
      value: 0
      objectReference: {fileID: 0}
    - target: {fileID: 3637080278469351835, guid: 622109c0052c7c049a3d1a58318e7aeb, type: 3}
      propertyPath: m_LocalEulerAnglesHint.y
      value: 0
      objectReference: {fileID: 0}
    - target: {fileID: 3637080278469351835, guid: 622109c0052c7c049a3d1a58318e7aeb, type: 3}
      propertyPath: m_LocalEulerAnglesHint.z
      value: 0
      objectReference: {fileID: 0}
    m_RemovedComponents: []
  m_SourcePrefab: {fileID: 100100000, guid: 622109c0052c7c049a3d1a58318e7aeb, type: 3}
--- !u!4 &1578134811624364576 stripped
Transform:
  m_CorrespondingSourceObject: {fileID: 3637080278469351835, guid: 622109c0052c7c049a3d1a58318e7aeb, type: 3}
  m_PrefabInstance: {fileID: 2855044676609819579}
  m_PrefabAsset: {fileID: 0}
--- !u!1001 &2855044676686322920
PrefabInstance:
  m_ObjectHideFlags: 0
  serializedVersion: 2
  m_Modification:
    m_TransformParent: {fileID: 2855044677528518101}
    m_Modifications:
    - target: {fileID: 2208932682551677504, guid: 3620e6a6b096e344195dd653fe24d0b2, type: 3}
      propertyPath: m_CastShadows
      value: 1
      objectReference: {fileID: 0}
    - target: {fileID: 2208932682551677504, guid: 3620e6a6b096e344195dd653fe24d0b2, type: 3}
      propertyPath: m_StaticShadowCaster
      value: 0
      objectReference: {fileID: 0}
    - target: {fileID: 2382633647748556320, guid: 3620e6a6b096e344195dd653fe24d0b2, type: 3}
      propertyPath: m_RootOrder
      value: 6
      objectReference: {fileID: 0}
    - target: {fileID: 2382633647748556320, guid: 3620e6a6b096e344195dd653fe24d0b2, type: 3}
      propertyPath: m_LocalScale.y
      value: 3.594
      objectReference: {fileID: 0}
    - target: {fileID: 2382633647748556320, guid: 3620e6a6b096e344195dd653fe24d0b2, type: 3}
      propertyPath: m_LocalPosition.x
      value: -2.371
      objectReference: {fileID: 0}
    - target: {fileID: 2382633647748556320, guid: 3620e6a6b096e344195dd653fe24d0b2, type: 3}
      propertyPath: m_LocalPosition.y
      value: -0.65
      objectReference: {fileID: 0}
    - target: {fileID: 2382633647748556320, guid: 3620e6a6b096e344195dd653fe24d0b2, type: 3}
      propertyPath: m_LocalPosition.z
      value: 0
      objectReference: {fileID: 0}
    - target: {fileID: 2382633647748556320, guid: 3620e6a6b096e344195dd653fe24d0b2, type: 3}
      propertyPath: m_LocalRotation.w
      value: 0
      objectReference: {fileID: 0}
    - target: {fileID: 2382633647748556320, guid: 3620e6a6b096e344195dd653fe24d0b2, type: 3}
      propertyPath: m_LocalRotation.x
      value: 0
      objectReference: {fileID: 0}
    - target: {fileID: 2382633647748556320, guid: 3620e6a6b096e344195dd653fe24d0b2, type: 3}
      propertyPath: m_LocalRotation.y
      value: 1
      objectReference: {fileID: 0}
    - target: {fileID: 2382633647748556320, guid: 3620e6a6b096e344195dd653fe24d0b2, type: 3}
      propertyPath: m_LocalRotation.z
      value: 0
      objectReference: {fileID: 0}
    - target: {fileID: 2382633647748556320, guid: 3620e6a6b096e344195dd653fe24d0b2, type: 3}
      propertyPath: m_LocalEulerAnglesHint.x
      value: 0
      objectReference: {fileID: 0}
    - target: {fileID: 2382633647748556320, guid: 3620e6a6b096e344195dd653fe24d0b2, type: 3}
      propertyPath: m_LocalEulerAnglesHint.y
      value: 180
      objectReference: {fileID: 0}
    - target: {fileID: 2382633647748556320, guid: 3620e6a6b096e344195dd653fe24d0b2, type: 3}
      propertyPath: m_LocalEulerAnglesHint.z
      value: 0
      objectReference: {fileID: 0}
    - target: {fileID: 2975555089189877980, guid: 3620e6a6b096e344195dd653fe24d0b2, type: 3}
      propertyPath: m_Name
      value: Parede (4)
      objectReference: {fileID: 0}
    - target: {fileID: 2975555089189877980, guid: 3620e6a6b096e344195dd653fe24d0b2, type: 3}
      propertyPath: m_IsActive
      value: 0
      objectReference: {fileID: 0}
    - target: {fileID: 2975555089189877980, guid: 3620e6a6b096e344195dd653fe24d0b2, type: 3}
      propertyPath: m_StaticEditorFlags
      value: 0
      objectReference: {fileID: 0}
    m_RemovedComponents: []
  m_SourcePrefab: {fileID: 100100000, guid: 3620e6a6b096e344195dd653fe24d0b2, type: 3}
--- !u!4 &472869905397463752 stripped
Transform:
  m_CorrespondingSourceObject: {fileID: 2382633647748556320, guid: 3620e6a6b096e344195dd653fe24d0b2, type: 3}
  m_PrefabInstance: {fileID: 2855044676686322920}
  m_PrefabAsset: {fileID: 0}
--- !u!1001 &2855044676714702715
PrefabInstance:
  m_ObjectHideFlags: 0
  serializedVersion: 2
  m_Modification:
    m_TransformParent: {fileID: 2855044676712390135}
    m_Modifications:
    - target: {fileID: 1375217932723818641, guid: 622109c0052c7c049a3d1a58318e7aeb, type: 3}
      propertyPath: m_Name
      value: Sphere (1)
      objectReference: {fileID: 0}
    - target: {fileID: 3637080278469351835, guid: 622109c0052c7c049a3d1a58318e7aeb, type: 3}
      propertyPath: m_RootOrder
      value: 1
      objectReference: {fileID: 0}
    - target: {fileID: 3637080278469351835, guid: 622109c0052c7c049a3d1a58318e7aeb, type: 3}
      propertyPath: m_LocalScale.x
      value: 1
      objectReference: {fileID: 0}
    - target: {fileID: 3637080278469351835, guid: 622109c0052c7c049a3d1a58318e7aeb, type: 3}
      propertyPath: m_LocalScale.y
      value: 1
      objectReference: {fileID: 0}
    - target: {fileID: 3637080278469351835, guid: 622109c0052c7c049a3d1a58318e7aeb, type: 3}
      propertyPath: m_LocalScale.z
      value: 1
      objectReference: {fileID: 0}
    - target: {fileID: 3637080278469351835, guid: 622109c0052c7c049a3d1a58318e7aeb, type: 3}
      propertyPath: m_LocalPosition.x
      value: 3
      objectReference: {fileID: 0}
    - target: {fileID: 3637080278469351835, guid: 622109c0052c7c049a3d1a58318e7aeb, type: 3}
      propertyPath: m_LocalPosition.y
      value: 0
      objectReference: {fileID: 0}
    - target: {fileID: 3637080278469351835, guid: 622109c0052c7c049a3d1a58318e7aeb, type: 3}
      propertyPath: m_LocalPosition.z
      value: 0
      objectReference: {fileID: 0}
    - target: {fileID: 3637080278469351835, guid: 622109c0052c7c049a3d1a58318e7aeb, type: 3}
      propertyPath: m_LocalRotation.w
      value: 1
      objectReference: {fileID: 0}
    - target: {fileID: 3637080278469351835, guid: 622109c0052c7c049a3d1a58318e7aeb, type: 3}
      propertyPath: m_LocalRotation.x
      value: -0
      objectReference: {fileID: 0}
    - target: {fileID: 3637080278469351835, guid: 622109c0052c7c049a3d1a58318e7aeb, type: 3}
      propertyPath: m_LocalRotation.y
      value: -0.000000029802315
      objectReference: {fileID: 0}
    - target: {fileID: 3637080278469351835, guid: 622109c0052c7c049a3d1a58318e7aeb, type: 3}
      propertyPath: m_LocalRotation.z
      value: -0
      objectReference: {fileID: 0}
    - target: {fileID: 3637080278469351835, guid: 622109c0052c7c049a3d1a58318e7aeb, type: 3}
      propertyPath: m_LocalEulerAnglesHint.x
      value: 0
      objectReference: {fileID: 0}
    - target: {fileID: 3637080278469351835, guid: 622109c0052c7c049a3d1a58318e7aeb, type: 3}
      propertyPath: m_LocalEulerAnglesHint.y
      value: 0
      objectReference: {fileID: 0}
    - target: {fileID: 3637080278469351835, guid: 622109c0052c7c049a3d1a58318e7aeb, type: 3}
      propertyPath: m_LocalEulerAnglesHint.z
      value: 0
      objectReference: {fileID: 0}
    m_RemovedComponents: []
  m_SourcePrefab: {fileID: 100100000, guid: 622109c0052c7c049a3d1a58318e7aeb, type: 3}
--- !u!4 &1578134811729313504 stripped
Transform:
  m_CorrespondingSourceObject: {fileID: 3637080278469351835, guid: 622109c0052c7c049a3d1a58318e7aeb, type: 3}
  m_PrefabInstance: {fileID: 2855044676714702715}
  m_PrefabAsset: {fileID: 0}
--- !u!1001 &2855044677564418671
PrefabInstance:
  m_ObjectHideFlags: 0
  serializedVersion: 2
  m_Modification:
    m_TransformParent: {fileID: 2248609756341612075}
    m_Modifications:
    - target: {fileID: 1375217932723818641, guid: 622109c0052c7c049a3d1a58318e7aeb, type: 3}
      propertyPath: m_Name
      value: StandBy
      objectReference: {fileID: 0}
    - target: {fileID: 3637080278469351835, guid: 622109c0052c7c049a3d1a58318e7aeb, type: 3}
      propertyPath: m_RootOrder
      value: 0
      objectReference: {fileID: 0}
    - target: {fileID: 3637080278469351835, guid: 622109c0052c7c049a3d1a58318e7aeb, type: 3}
      propertyPath: m_LocalScale.x
      value: 0.00026573995
      objectReference: {fileID: 0}
    - target: {fileID: 3637080278469351835, guid: 622109c0052c7c049a3d1a58318e7aeb, type: 3}
      propertyPath: m_LocalScale.y
      value: 0.003986099
      objectReference: {fileID: 0}
    - target: {fileID: 3637080278469351835, guid: 622109c0052c7c049a3d1a58318e7aeb, type: 3}
      propertyPath: m_LocalScale.z
      value: 0.00039861005
      objectReference: {fileID: 0}
    - target: {fileID: 3637080278469351835, guid: 622109c0052c7c049a3d1a58318e7aeb, type: 3}
      propertyPath: m_LocalPosition.x
      value: -0.027656
      objectReference: {fileID: 0}
    - target: {fileID: 3637080278469351835, guid: 622109c0052c7c049a3d1a58318e7aeb, type: 3}
      propertyPath: m_LocalPosition.y
      value: -0.00974
      objectReference: {fileID: 0}
    - target: {fileID: 3637080278469351835, guid: 622109c0052c7c049a3d1a58318e7aeb, type: 3}
      propertyPath: m_LocalPosition.z
      value: 0.0701
      objectReference: {fileID: 0}
    - target: {fileID: 3637080278469351835, guid: 622109c0052c7c049a3d1a58318e7aeb, type: 3}
      propertyPath: m_LocalRotation.w
      value: 0.7071067
      objectReference: {fileID: 0}
    - target: {fileID: 3637080278469351835, guid: 622109c0052c7c049a3d1a58318e7aeb, type: 3}
      propertyPath: m_LocalRotation.x
      value: 0.7071068
      objectReference: {fileID: 0}
    - target: {fileID: 3637080278469351835, guid: 622109c0052c7c049a3d1a58318e7aeb, type: 3}
      propertyPath: m_LocalRotation.y
      value: -0.00000008429367
      objectReference: {fileID: 0}
    - target: {fileID: 3637080278469351835, guid: 622109c0052c7c049a3d1a58318e7aeb, type: 3}
      propertyPath: m_LocalRotation.z
      value: -0.00000008429368
      objectReference: {fileID: 0}
    - target: {fileID: 3637080278469351835, guid: 622109c0052c7c049a3d1a58318e7aeb, type: 3}
      propertyPath: m_LocalEulerAnglesHint.x
      value: 0
      objectReference: {fileID: 0}
    - target: {fileID: 3637080278469351835, guid: 622109c0052c7c049a3d1a58318e7aeb, type: 3}
      propertyPath: m_LocalEulerAnglesHint.y
      value: 0
      objectReference: {fileID: 0}
    - target: {fileID: 3637080278469351835, guid: 622109c0052c7c049a3d1a58318e7aeb, type: 3}
      propertyPath: m_LocalEulerAnglesHint.z
      value: 0
      objectReference: {fileID: 0}
    - target: {fileID: 8225821563797164223, guid: 622109c0052c7c049a3d1a58318e7aeb, type: 3}
      propertyPath: m_Materials.Array.data[0]
      value: 
      objectReference: {fileID: 2100000, guid: 9f0761db1658e2f4195ed8305c3f7d4f, type: 2}
    m_RemovedComponents: []
  m_SourcePrefab: {fileID: 100100000, guid: 622109c0052c7c049a3d1a58318e7aeb, type: 3}
--- !u!1001 &2855044677669776123
PrefabInstance:
  m_ObjectHideFlags: 0
  serializedVersion: 2
  m_Modification:
    m_TransformParent: {fileID: 2855044676712390135}
    m_Modifications:
    - target: {fileID: 1375217932723818641, guid: 622109c0052c7c049a3d1a58318e7aeb, type: 3}
      propertyPath: m_Name
      value: Sphere (2)
      objectReference: {fileID: 0}
    - target: {fileID: 3637080278469351835, guid: 622109c0052c7c049a3d1a58318e7aeb, type: 3}
      propertyPath: m_RootOrder
      value: 2
      objectReference: {fileID: 0}
    - target: {fileID: 3637080278469351835, guid: 622109c0052c7c049a3d1a58318e7aeb, type: 3}
      propertyPath: m_LocalScale.x
      value: 1
      objectReference: {fileID: 0}
    - target: {fileID: 3637080278469351835, guid: 622109c0052c7c049a3d1a58318e7aeb, type: 3}
      propertyPath: m_LocalScale.y
      value: 1
      objectReference: {fileID: 0}
    - target: {fileID: 3637080278469351835, guid: 622109c0052c7c049a3d1a58318e7aeb, type: 3}
      propertyPath: m_LocalScale.z
      value: 1
      objectReference: {fileID: 0}
    - target: {fileID: 3637080278469351835, guid: 622109c0052c7c049a3d1a58318e7aeb, type: 3}
      propertyPath: m_LocalPosition.x
      value: 4.5
      objectReference: {fileID: 0}
    - target: {fileID: 3637080278469351835, guid: 622109c0052c7c049a3d1a58318e7aeb, type: 3}
      propertyPath: m_LocalPosition.y
      value: 0
      objectReference: {fileID: 0}
    - target: {fileID: 3637080278469351835, guid: 622109c0052c7c049a3d1a58318e7aeb, type: 3}
      propertyPath: m_LocalPosition.z
      value: 0
      objectReference: {fileID: 0}
    - target: {fileID: 3637080278469351835, guid: 622109c0052c7c049a3d1a58318e7aeb, type: 3}
      propertyPath: m_LocalRotation.w
      value: 1
      objectReference: {fileID: 0}
    - target: {fileID: 3637080278469351835, guid: 622109c0052c7c049a3d1a58318e7aeb, type: 3}
      propertyPath: m_LocalRotation.x
      value: -0
      objectReference: {fileID: 0}
    - target: {fileID: 3637080278469351835, guid: 622109c0052c7c049a3d1a58318e7aeb, type: 3}
      propertyPath: m_LocalRotation.y
      value: -0.000000029802315
      objectReference: {fileID: 0}
    - target: {fileID: 3637080278469351835, guid: 622109c0052c7c049a3d1a58318e7aeb, type: 3}
      propertyPath: m_LocalRotation.z
      value: -0
      objectReference: {fileID: 0}
    - target: {fileID: 3637080278469351835, guid: 622109c0052c7c049a3d1a58318e7aeb, type: 3}
      propertyPath: m_LocalEulerAnglesHint.x
      value: 0
      objectReference: {fileID: 0}
    - target: {fileID: 3637080278469351835, guid: 622109c0052c7c049a3d1a58318e7aeb, type: 3}
      propertyPath: m_LocalEulerAnglesHint.y
      value: 0
      objectReference: {fileID: 0}
    - target: {fileID: 3637080278469351835, guid: 622109c0052c7c049a3d1a58318e7aeb, type: 3}
      propertyPath: m_LocalEulerAnglesHint.z
      value: 0
      objectReference: {fileID: 0}
    m_RemovedComponents: []
  m_SourcePrefab: {fileID: 100100000, guid: 622109c0052c7c049a3d1a58318e7aeb, type: 3}
--- !u!4 &1578134810572813152 stripped
Transform:
  m_CorrespondingSourceObject: {fileID: 3637080278469351835, guid: 622109c0052c7c049a3d1a58318e7aeb, type: 3}
  m_PrefabInstance: {fileID: 2855044677669776123}
  m_PrefabAsset: {fileID: 0}
--- !u!1001 &2855044677695646487
PrefabInstance:
  m_ObjectHideFlags: 0
  serializedVersion: 2
  m_Modification:
    m_TransformParent: {fileID: 2855044677528518101}
    m_Modifications:
    - target: {fileID: -8700617353114198275, guid: 6749344d3c67c1540a6792b5bb725f8b, type: 3}
      propertyPath: m_IsActive
      value: 0
      objectReference: {fileID: 0}
    - target: {fileID: -8679921383154817045, guid: 6749344d3c67c1540a6792b5bb725f8b, type: 3}
      propertyPath: m_RootOrder
      value: 1
      objectReference: {fileID: 0}
    - target: {fileID: -8679921383154817045, guid: 6749344d3c67c1540a6792b5bb725f8b, type: 3}
      propertyPath: m_LocalScale.x
      value: 2.1045
      objectReference: {fileID: 0}
    - target: {fileID: -8679921383154817045, guid: 6749344d3c67c1540a6792b5bb725f8b, type: 3}
      propertyPath: m_LocalScale.y
      value: 2.1045
      objectReference: {fileID: 0}
    - target: {fileID: -8679921383154817045, guid: 6749344d3c67c1540a6792b5bb725f8b, type: 3}
      propertyPath: m_LocalScale.z
      value: 2.1045
      objectReference: {fileID: 0}
    - target: {fileID: -8679921383154817045, guid: 6749344d3c67c1540a6792b5bb725f8b, type: 3}
      propertyPath: m_LocalPosition.x
      value: 2.071
      objectReference: {fileID: 0}
    - target: {fileID: -8679921383154817045, guid: 6749344d3c67c1540a6792b5bb725f8b, type: 3}
      propertyPath: m_LocalPosition.y
      value: 2.41
      objectReference: {fileID: 0}
    - target: {fileID: -8679921383154817045, guid: 6749344d3c67c1540a6792b5bb725f8b, type: 3}
      propertyPath: m_LocalPosition.z
      value: -0.023
      objectReference: {fileID: 0}
    - target: {fileID: -8679921383154817045, guid: 6749344d3c67c1540a6792b5bb725f8b, type: 3}
      propertyPath: m_LocalRotation.w
      value: -0.9999583
      objectReference: {fileID: 0}
    - target: {fileID: -8679921383154817045, guid: 6749344d3c67c1540a6792b5bb725f8b, type: 3}
      propertyPath: m_LocalRotation.x
      value: -0
      objectReference: {fileID: 0}
    - target: {fileID: -8679921383154817045, guid: 6749344d3c67c1540a6792b5bb725f8b, type: 3}
      propertyPath: m_LocalRotation.y
      value: -0.009138852
      objectReference: {fileID: 0}
    - target: {fileID: -8679921383154817045, guid: 6749344d3c67c1540a6792b5bb725f8b, type: 3}
      propertyPath: m_LocalRotation.z
      value: 0
      objectReference: {fileID: 0}
    - target: {fileID: -8679921383154817045, guid: 6749344d3c67c1540a6792b5bb725f8b, type: 3}
      propertyPath: m_LocalEulerAnglesHint.x
      value: 0
      objectReference: {fileID: 0}
    - target: {fileID: -8679921383154817045, guid: 6749344d3c67c1540a6792b5bb725f8b, type: 3}
      propertyPath: m_LocalEulerAnglesHint.y
      value: 1.047
      objectReference: {fileID: 0}
    - target: {fileID: -8679921383154817045, guid: 6749344d3c67c1540a6792b5bb725f8b, type: 3}
      propertyPath: m_LocalEulerAnglesHint.z
      value: 0
      objectReference: {fileID: 0}
    - target: {fileID: -6722085885383957590, guid: 6749344d3c67c1540a6792b5bb725f8b, type: 3}
      propertyPath: m_Enabled
      value: 0
      objectReference: {fileID: 0}
    - target: {fileID: -1853094968961178454, guid: 6749344d3c67c1540a6792b5bb725f8b, type: 3}
      propertyPath: m_Enabled
      value: 0
      objectReference: {fileID: 0}
    - target: {fileID: 65702495048144492, guid: 6749344d3c67c1540a6792b5bb725f8b, type: 3}
      propertyPath: m_IsActive
      value: 0
      objectReference: {fileID: 0}
    - target: {fileID: 395998947493092932, guid: 6749344d3c67c1540a6792b5bb725f8b, type: 3}
      propertyPath: m_LocalPosition.x
      value: 0
      objectReference: {fileID: 0}
    - target: {fileID: 395998947493092932, guid: 6749344d3c67c1540a6792b5bb725f8b, type: 3}
      propertyPath: m_LocalPosition.y
      value: -0.084
      objectReference: {fileID: 0}
    - target: {fileID: 395998947493092932, guid: 6749344d3c67c1540a6792b5bb725f8b, type: 3}
      propertyPath: m_LocalPosition.z
      value: -0
      objectReference: {fileID: 0}
    - target: {fileID: 919132149155446097, guid: 6749344d3c67c1540a6792b5bb725f8b, type: 3}
      propertyPath: m_Name
      value: Mesauntitled
      objectReference: {fileID: 0}
    - target: {fileID: 6203619305251897748, guid: 6749344d3c67c1540a6792b5bb725f8b, type: 3}
      propertyPath: m_LocalPosition.x
      value: -0.152
      objectReference: {fileID: 0}
    - target: {fileID: 6203619305251897748, guid: 6749344d3c67c1540a6792b5bb725f8b, type: 3}
      propertyPath: m_LocalPosition.y
      value: -1.899
      objectReference: {fileID: 0}
    - target: {fileID: 6203619305251897748, guid: 6749344d3c67c1540a6792b5bb725f8b, type: 3}
      propertyPath: m_LocalPosition.z
      value: -0.315
      objectReference: {fileID: 0}
    - target: {fileID: 8320185124154504310, guid: 6749344d3c67c1540a6792b5bb725f8b, type: 3}
      propertyPath: m_LocalPosition.x
      value: -0.148
      objectReference: {fileID: 0}
    - target: {fileID: 8320185124154504310, guid: 6749344d3c67c1540a6792b5bb725f8b, type: 3}
      propertyPath: m_LocalPosition.y
      value: -1.773
      objectReference: {fileID: 0}
    m_RemovedComponents:
    - {fileID: -5786060314825918683, guid: 6749344d3c67c1540a6792b5bb725f8b, type: 3}
    - {fileID: -6722085885383957590, guid: 6749344d3c67c1540a6792b5bb725f8b, type: 3}
  m_SourcePrefab: {fileID: 100100000, guid: 6749344d3c67c1540a6792b5bb725f8b, type: 3}
--- !u!4 &2311913947790724348 stripped
Transform:
  m_CorrespondingSourceObject: {fileID: -8679921383154817045, guid: 6749344d3c67c1540a6792b5bb725f8b, type: 3}
  m_PrefabInstance: {fileID: 2855044677695646487}
  m_PrefabAsset: {fileID: 0}
--- !u!1001 &7997289141632704973
PrefabInstance:
  m_ObjectHideFlags: 0
  serializedVersion: 2
  m_Modification:
    m_TransformParent: {fileID: 2855044676712390135}
    m_Modifications:
    - target: {fileID: 1375217932723818641, guid: 622109c0052c7c049a3d1a58318e7aeb, type: 3}
      propertyPath: m_Name
      value: Sphere
      objectReference: {fileID: 0}
    - target: {fileID: 3637080278469351835, guid: 622109c0052c7c049a3d1a58318e7aeb, type: 3}
      propertyPath: m_RootOrder
      value: 0
      objectReference: {fileID: 0}
    - target: {fileID: 3637080278469351835, guid: 622109c0052c7c049a3d1a58318e7aeb, type: 3}
      propertyPath: m_LocalScale.x
      value: 1
      objectReference: {fileID: 0}
    - target: {fileID: 3637080278469351835, guid: 622109c0052c7c049a3d1a58318e7aeb, type: 3}
      propertyPath: m_LocalScale.y
      value: 1
      objectReference: {fileID: 0}
    - target: {fileID: 3637080278469351835, guid: 622109c0052c7c049a3d1a58318e7aeb, type: 3}
      propertyPath: m_LocalScale.z
      value: 1
      objectReference: {fileID: 0}
    - target: {fileID: 3637080278469351835, guid: 622109c0052c7c049a3d1a58318e7aeb, type: 3}
      propertyPath: m_LocalPosition.x
      value: 1.5
      objectReference: {fileID: 0}
    - target: {fileID: 3637080278469351835, guid: 622109c0052c7c049a3d1a58318e7aeb, type: 3}
      propertyPath: m_LocalPosition.y
      value: -0
      objectReference: {fileID: 0}
    - target: {fileID: 3637080278469351835, guid: 622109c0052c7c049a3d1a58318e7aeb, type: 3}
      propertyPath: m_LocalPosition.z
      value: 0
      objectReference: {fileID: 0}
    - target: {fileID: 3637080278469351835, guid: 622109c0052c7c049a3d1a58318e7aeb, type: 3}
      propertyPath: m_LocalRotation.w
      value: 1
      objectReference: {fileID: 0}
    - target: {fileID: 3637080278469351835, guid: 622109c0052c7c049a3d1a58318e7aeb, type: 3}
      propertyPath: m_LocalRotation.x
      value: -0
      objectReference: {fileID: 0}
    - target: {fileID: 3637080278469351835, guid: 622109c0052c7c049a3d1a58318e7aeb, type: 3}
      propertyPath: m_LocalRotation.y
      value: -0.000000029802315
      objectReference: {fileID: 0}
    - target: {fileID: 3637080278469351835, guid: 622109c0052c7c049a3d1a58318e7aeb, type: 3}
      propertyPath: m_LocalRotation.z
      value: -0
      objectReference: {fileID: 0}
    - target: {fileID: 3637080278469351835, guid: 622109c0052c7c049a3d1a58318e7aeb, type: 3}
      propertyPath: m_LocalEulerAnglesHint.x
      value: 0
      objectReference: {fileID: 0}
    - target: {fileID: 3637080278469351835, guid: 622109c0052c7c049a3d1a58318e7aeb, type: 3}
      propertyPath: m_LocalEulerAnglesHint.y
      value: 0
      objectReference: {fileID: 0}
    - target: {fileID: 3637080278469351835, guid: 622109c0052c7c049a3d1a58318e7aeb, type: 3}
      propertyPath: m_LocalEulerAnglesHint.z
      value: 0
      objectReference: {fileID: 0}
    m_RemovedComponents: []
  m_SourcePrefab: {fileID: 100100000, guid: 622109c0052c7c049a3d1a58318e7aeb, type: 3}
--- !u!4 &6666898805589653590 stripped
Transform:
  m_CorrespondingSourceObject: {fileID: 3637080278469351835, guid: 622109c0052c7c049a3d1a58318e7aeb, type: 3}
  m_PrefabInstance: {fileID: 7997289141632704973}
  m_PrefabAsset: {fileID: 0}
